@article{RN37,
   title = {Proposed methods for testing and selecting the ERCC external RNA controls},
   journal = {BMC Genomics},
   volume = {6},
   pages = {150},
   ISSN = {1471-2164},
   DOI = {10.1186/1471-2164-6-150},
   year = {2005},
   type = {Journal Article}
}

